<collection xmlns="http://www.loc.gov/MARC21/slim">
<record>
  <leader>01340nam0a22002771i 450 </leader>
  <controlfield tag="001">IT\ICCU\CNCE\055608</controlfield>
  <controlfield tag="005">20080207000000.0</controlfield>
  <datafield tag="012" ind1=" " ind2=" ">
    <subfield code="a">hes- 14co siet tino (3) 1591 (A)</subfield>
    <subfield code="2">fei</subfield>
  </datafield>
  <datafield tag="100" ind1=" " ind2=" ">
    <subfield code="a">20040211d1591        0itac0103    ba</subfield>
  </datafield>
  <datafield tag="101" ind1=" " ind2=" ">
    <subfield code="a">ITA</subfield>
  </datafield>
  <datafield tag="102" ind1=" " ind2=" ">
    <subfield code="a">IT</subfield>
  </datafield>
  <datafield tag="200" ind1="1" ind2=" ">
    <subfield code="a">℗La ℗institutione del prencipe christiano, di Mambrino Roseo da Fabriano. Di nuouo ricorretta, &amp; ristampata. Con due tauole, l&apos;vna de&apos; capitoli, &amp; l&apos;altra delle cose pi ̮degne di memoria</subfield>
  </datafield>
  <datafield tag="210" ind1=" " ind2=" ">
    <subfield code="a">In Mantoua</subfield>
    <subfield code="c">per Francesco Osanna</subfield>
    <subfield code="d">stampator ducale</subfield>
    <subfield code="d">1591</subfield>
  </datafield>
  <datafield tag="215" ind1=" " ind2=" ">
    <subfield code="a">\32!, 334, \2! p.</subfield>
    <subfield code="d">8ʻ</subfield>
  </datafield>
  <datafield tag="620" ind1=" " ind2=" ">
    <subfield code="a">IT</subfield>
    <subfield code="d">Mantova</subfield>
  </datafield>
  <datafield tag="700" ind1=" " ind2="1">
    <subfield code="a">Guevara,</subfield>
    <subfield code="b">Antonio : de</subfield>
    <subfield code="3">IT\ICCU\CNCA\006353</subfield>
  </datafield>
  <datafield tag="702" ind1=" " ind2="1">
    <subfield code="a">Roseo,</subfield>
    <subfield code="b">Mambrino</subfield>
    <subfield code="3">IT\ICCU\CNCA\000153</subfield>
  </datafield>
  <datafield tag="712" ind1="0" ind2="0">
    <subfield code="a">Osanna, Francesco</subfield>
    <subfield code="3">IT\ICCU\CNCT\000504</subfield>
    <subfield code="4">650</subfield>
  </datafield>
  <datafield tag="790" ind1=" " ind2="1">
    <subfield code="a">Roseo,</subfield>
    <subfield code="b">Mambrino : da#Fabriano</subfield>
    <subfield code="3">IT\ICCU\CNCA\023587</subfield>
    <subfield code="z">Roseo, Mambrino</subfield>
  </datafield>
  <datafield tag="790" ind1=" " ind2="0">
    <subfield code="a">Mambrino</subfield>
    <subfield code="c"> : da#Fabriano</subfield>
    <subfield code="3">IT\ICCU\CNCA\023588</subfield>
    <subfield code="z">Roseo, Mambrino</subfield>
  </datafield>
  <datafield tag="791" ind1="0" ind2="0">
    <subfield code="a">Osanna, Francesco Bernardino</subfield>
    <subfield code="3">IT\ICCU\CNCT\002263</subfield>
    <subfield code="z">Osanna, Francesco</subfield>
  </datafield>
  <datafield tag="791" ind1="0" ind2="0">
    <subfield code="a">Osana, Franciscus</subfield>
    <subfield code="3">IT\ICCU\CNCT\005166</subfield>
    <subfield code="z">Osanna, Francesco</subfield>
  </datafield>
  <datafield tag="791" ind1="0" ind2="0">
    <subfield code="a">Osana, Francesco Bernardino</subfield>
    <subfield code="3">IT\ICCU\CNCT\005167</subfield>
    <subfield code="z">Osanna, Francesco</subfield>
  </datafield>
  <datafield tag="801" ind1=" " ind2="3">
    <subfield code="a">IT</subfield>
    <subfield code="b">ICCU</subfield>
    <subfield code="c">20201115</subfield>
  </datafield>
  <datafield tag="899" ind1=" " ind2=" ">
    <subfield code="a">Biblioteca del Seminario vescovile. Mondov</subfield>
    <subfield code="1">CN0066</subfield>
    <subfield code="2">TO0 56</subfield>
  </datafield>
  <datafield tag="899" ind1=" " ind2=" ">
    <subfield code="a">Biblioteca comunale Teresiana. Mantova</subfield>
    <subfield code="1">MN0035</subfield>
    <subfield code="2">LO1 12</subfield>
  </datafield>
</record>
</collection>
